<?xml version="1.0" encoding="UTF-8"?>
<record xmlns="http://www.loc.gov/MARC21/slim">
   <leader>01499nam a2200409Ii 4500</leader>
   <controlfield tag="001">7302179</controlfield>
   <controlfield tag="003">OCoLC</controlfield>
   <controlfield tag="005">20151221082009.0</controlfield>
   <controlfield tag="008">151221s1991    abca         s000 0 eng d</controlfield>
   <datafield tag="020" ind1=" " ind2=" ">
      <subfield code="a">077410841X</subfield>
   </datafield>
   <datafield tag="020" ind1=" " ind2=" ">
      <subfield code="a">9780774108416</subfield>
   </datafield>
   <datafield tag="020" ind1=" " ind2=" ">
      <subfield code="a">077410855X</subfield>
   </datafield>
   <datafield tag="020" ind1=" " ind2=" ">
      <subfield code="a">9780774108553</subfield>
   </datafield>
   <datafield tag="035" ind1=" " ind2=" ">
      <subfield code="a">ocn933229126</subfield>
   </datafield>
   <datafield tag="040" ind1=" " ind2=" ">
      <subfield code="a">AEU</subfield>
      <subfield code="b">eng</subfield>
      <subfield code="e">rda</subfield>
      <subfield code="c">LTSCA</subfield>
      <subfield code="d">LTSCA</subfield>
      <subfield code="d">AEU</subfield>
   </datafield>
   <datafield tag="050" ind1=" " ind2="4">
      <subfield code="a">LB1528</subfield>
      <subfield code="b">.L358 1991</subfield>
   </datafield>
   <datafield tag="090" ind1=" " ind2=" ">
      <subfield code="a">LB 1528 L358 1991</subfield>
      <subfield code="b">AEU</subfield>
   </datafield>
   <datafield tag="240" ind1="0" ind2="0">
      <subfield code="a">Language arts 1.</subfield>
   </datafield>
   <datafield tag="245" ind1="0" ind2="0">
      <subfield code="a">Language arts 1 1991</subfield>
   </datafield>
   <datafield tag="246" ind1="1" ind2="4">
      <subfield code="a">Language arts grade 1</subfield>
   </datafield>
   <datafield tag="246" ind1="3" ind2=" ">
      <subfield code="a">Language arts one</subfield>
   </datafield>
   <datafield tag="264" ind1=" " ind2="1">
      <subfield code="a">Edmonton, Alberta :</subfield>
      <subfield code="b">Alberta Education,</subfield>
      <subfield code="c">[1991].</subfield>
   </datafield>
   <datafield tag="264" ind1=" " ind2="2">
      <subfield code="a">Barrhead, Alberta :</subfield>
      <subfield code="b">Alberta Distance Learning Centre</subfield>
   </datafield>
   <datafield tag="300" ind1=" " ind2=" ">
      <subfield code="a">3 volumes :</subfield>
      <subfield code="b">illustrations ;</subfield>
      <subfield code="c">28 cm</subfield>
   </datafield>
   <datafield tag="336" ind1=" " ind2=" ">
      <subfield code="a">text</subfield>
      <subfield code="b">txt</subfield>
      <subfield code="2">rdacontent</subfield>
   </datafield>
   <datafield tag="336" ind1=" " ind2=" ">
      <subfield code="a">still image</subfield>
      <subfield code="b">sti</subfield>
      <subfield code="2">rdacontent</subfield>
   </datafield>
   <datafield tag="337" ind1=" " ind2=" ">
      <subfield code="a">unmediated</subfield>
      <subfield code="b">n</subfield>
      <subfield code="2">rdamedia</subfield>
   </datafield>
   <datafield tag="338" ind1=" " ind2=" ">
      <subfield code="a">volume</subfield>
      <subfield code="b">nc</subfield>
      <subfield code="2">rdacarrier</subfield>
   </datafield>
   <datafield tag="505" ind1="0" ind2=" ">
      <subfield code="a">[V.2]. Unit 2, Lessons 12-22--[v.3]. Unit 3, Lessons 23-33.</subfield>
   </datafield>
   <datafield tag="590" ind1=" " ind2=" ">
      <subfield code="a">Approved for use in Alberta schools.</subfield>
      <subfield code="5">CaAEU</subfield>
   </datafield>
   <datafield tag="596" ind1=" " ind2=" ">
      <subfield code="a">38</subfield>
   </datafield>
   <datafield tag="650" ind1=" " ind2="0">
      <subfield code="a">Language arts (Primary)</subfield>
      <subfield code="z">Alberta</subfield>
      <subfield code="v">Programmed instruction.</subfield>
   </datafield>
   <datafield tag="710" ind1="1" ind2=" ">
      <subfield code="a">Alberta.</subfield>
      <subfield code="b">Alberta Education,</subfield>
      <subfield code="e">publisher.</subfield>
   </datafield>
   <datafield tag="710" ind1="1" ind2=" ">
      <subfield code="a">Alberta.</subfield>
      <subfield code="b">Distance Learning,</subfield>
      <subfield code="e">distributor.</subfield>
   </datafield>
   <datafield tag="949" ind1=" " ind2=" ">
      <subfield code="a">LB 1528 L358 1991</subfield>
      <subfield code="v">unit 2</subfield>
      <subfield code="h">UABA-B</subfield>
      <subfield code="i">0162034103901</subfield>
      <subfield code="z">OCLC_ORIG</subfield>
   </datafield>
   <datafield tag="949" ind1=" " ind2=" ">
      <subfield code="a">LB 1528 L358 1991</subfield>
      <subfield code="v">unit 3</subfield>
      <subfield code="h">UABA-B</subfield>
      <subfield code="i">0162036817045</subfield>
      <subfield code="z">OCLC_ORIG</subfield>
   </datafield>
   <datafield tag="926" ind1=" " ind2=" ">
      <subfield code="a">UABARD</subfield>
      <subfield code="b">ON_SHELF</subfield>
      <subfield code="c">LB 1528 L358 1991 unit 2</subfield>
      <subfield code="d">BOOK</subfield>
      <subfield code="f">1</subfield>
   </datafield>
   <datafield tag="926" ind1=" " ind2=" ">
      <subfield code="a">UABARD</subfield>
      <subfield code="b">ON_SHELF</subfield>
      <subfield code="c">LB 1528 L358 1991 unit 3</subfield>
      <subfield code="d">BOOK</subfield>
      <subfield code="f">1</subfield>
   </datafield>
</record>
